<?xml version="1.0" encoding="UTF-8"?><collection xmlns="http://www.loc.gov/MARC21/slim"><record><leader>00541nam--2200181-i-4500</leader><controlfield tag="001">000013412</controlfield><controlfield tag="002">20161230</controlfield><controlfield tag="005">20161230201030</controlfield><controlfield tag="008">060222s1000------------r-----000-0-fre-d</controlfield><datafield ind1=" " ind2=" " tag="040"><subfield code="a">IFIN-HH</subfield></datafield><datafield ind1=" " ind2=" " tag="041"><subfield code="a">fre</subfield></datafield><datafield ind1=" " ind2=" " tag="080"><subfield code="a">536:539.374:678(043)</subfield></datafield><datafield ind1="1" ind2=" " tag="100"><subfield code="a">Arman, Jacques</subfield></datafield><datafield ind1="1" ind2="0" tag="245"><subfield code="a">Etude d'un dispositif de mesures ultrasonores pour la determination des proprietes viscoelastiques des polymeres</subfield><subfield code="b">These</subfield><subfield code="c">Jacques arman</subfield></datafield><datafield ind1=" " ind2=" " tag="260"><subfield code="a">Bordeaux</subfield><subfield code="b">Universite</subfield><subfield code="c">1977</subfield></datafield><datafield ind1=" " ind2=" " tag="300"><subfield code="a">91 P</subfield></datafield><datafield ind1=" " ind2=" " tag="852"><subfield code="a">48635</subfield><subfield code="c">536</subfield></datafield><datafield ind1=" " ind2=" " tag="CAT"><subfield code="a">Sys</subfield><subfield code="c">20110510</subfield><subfield code="h">115734</subfield></datafield></record></collection>